@misc{moore,
    author = "Wikipedia",
    title = "Moore neighborhood",
    howpublished = "\url{https://en.wikipedia.org/wiki/Moore_neighborhood}"
  	}